% Bibliography for: Geometric Theory of Functional-Sensitive Outlier Separability
% Conference: USENIX Security 2026

% ============================================================================
% Quantization and Model Compression
% ============================================================================

@article{frantar2022gptq,
  title={{GPTQ}: Accurate Post-Training Quantization for Generative Pre-Trained Transformers},
  author={Frantar, Elias and Saleh, Saleh and Alistarh, Dan},
  journal={arXiv preprint arXiv:2210.17323},
  year={2022},
  url={https://arxiv.org/abs/2210.17323}
}

@inproceedings{dong2019hawq,
  title={{HAWQ}: Hessian Aware Quantization of Neural Networks with Mixed-Precision},
  author={Dong, Zhen and Yao, Zhewei and Gholami, Amir and Mahoney, Michael W and Keutzer, Kurt},
  booktitle={IEEE/CVF International Conference on Computer Vision (ICCV)},
  pages={293--302},
  year={2019}
}

@article{dong2020hawqv2,
  title={{HAWQ-V2}: Hessian Aware trace-Weighted Quantization of Neural Networks},
  author={Dong, Zhen and Yao, Zhewei and Arfeen, Daiyaan and Gholami, Amir and Mahoney, Michael W and Keutzer, Kurt},
  journal={Advances in Neural Information Processing Systems},
  volume={33},
  pages={18518--18529},
  year={2020}
}

@article{deng2020model,
  title={Model Compression and Hardware Acceleration for Neural Networks: A Comprehensive Survey},
  author={Deng, Lei and Li, Guoqi and Han, Song and Shi, Luping and Xie, Yuan},
  journal={Proceedings of the IEEE},
  volume={108},
  number={4},
  pages={485--532},
  year={2020}
}

@inproceedings{xiao2023smoothquant,
  title={{SmoothQuant}: Accurate and Efficient Post-Training Quantization for Large Language Models},
  author={Xiao, Guangxuan and Lin, Ji and Seznec, Mickael and Wu, Hao and Demouth, Julien and Han, Song},
  booktitle={International Conference on Machine Learning (ICML)},
  pages={38087--38099},
  year={2023}
}

@article{wei2023outlier,
  title={Outlier Suppression: Pushing the Limit of Low-bit Transformer Language Models},
  author={Wei, Xiuying and Zhang, Yunchen and Li, Xiangguo and Zhang, Yuhui and Gong, Ruihao},
  journal={arXiv preprint arXiv:2209.13325},
  year={2023}
}

@inproceedings{lee2023owq,
  title={{OWQ}: Lessons Learned from Activation Outliers for Weight Quantization in Large Language Models},
  author={Lee, Changhun and Jin, Jungyu and Kim, Taesu and Kim, Hyungjun and Park, Eunhyeok},
  booktitle={Conference on Empirical Methods in Natural Language Processing (EMNLP)},
  year={2023}
}

% ============================================================================
% Privacy and Security
% ============================================================================

@inproceedings{shokri2017membership,
  title={Membership Inference Attacks Against Machine Learning Models},
  author={Shokri, Reza and Stronati, Marco and Song, Congzheng and Shmatikov, Vitaly},
  booktitle={IEEE Symposium on Security and Privacy (SP)},
  pages={3--18},
  year={2017},
  organization={IEEE}
}

@article{dwork2014algorithmic,
  title={The Algorithmic Foundations of Differential Privacy},
  author={Dwork, Cynthia and Roth, Aaron},
  journal={Foundations and Trends in Theoretical Computer Science},
  volume={9},
  number={3-4},
  pages={211--407},
  year={2014},
  publisher={Now Publishers}
}

@inproceedings{yeom2018privacy,
  title={Privacy Risk in Machine Learning: Analyzing the Connection to Overfitting},
  author={Yeom, Samuel and Giacomelli, Irene and Fredrikson, Matt and Jha, Somesh},
  booktitle={IEEE Computer Security Foundations Symposium (CSF)},
  pages={268--282},
  year={2018},
  organization={IEEE}
}

@article{carlini2022membership,
  title={Membership Inference Attacks From First Principles},
  author={Carlini, Nicholas and Chien, Steve and Nasr, Milad and Song, Shuang and Terzis, Andreas and Tramer, Florian},
  journal={IEEE Symposium on Security and Privacy (SP)},
  pages={1897--1914},
  year={2022}
}

@article{youn2023randomized,
  title={Randomized Quantization is All You Need for Differential Privacy in Federated Learning},
  author={Youn, Jihwan and Bae, Jinhyeok and Kim, Joonhyuk},
  journal={arXiv preprint arXiv:2306.11913},
  year={2023},
  url={https://arxiv.org/abs/2306.11913}
}

@article{yan2023privacy,
  title={Privacy Implications of Quantization},
  author={Yan, Mengde and others},
  journal={arXiv preprint arXiv:2304.13545},
  year={2023},
  url={https://arxiv.org/abs/2304.13545}
}

@inproceedings{abadi2016deep,
  title={Deep Learning with Differential Privacy},
  author={Abadi, Martin and Chu, Andy and Goodfellow, Ian and McMahan, H Brendan and Mironov, Ilya and Talwar, Kunal and Zhang, Li},
  booktitle={ACM SIGSAC Conference on Computer and Communications Security (CCS)},
  pages={308--318},
  year={2016}
}

% ============================================================================
% Lattice Theory and Cryptography
% ============================================================================

@article{agrell2023lattice,
  title={On the Best Lattice Quantizers},
  author={Agrell, Erik and Allen, Benjamin},
  journal={IEEE Transactions on Information Theory},
  volume={69},
  number={6},
  pages={3862--3880},
  year={2023},
  url={https://arxiv.org/abs/2202.09605}
}

@book{micciancio2002complexity,
  title={Complexity of Lattice Problems: A Cryptographic Perspective},
  author={Micciancio, Daniele and Goldwasser, Shafi},
  volume={671},
  year={2002},
  publisher={Springer Science \& Business Media}
}

@inproceedings{babai1986closest,
  title={On Lov{\'a}sz' Lattice Reduction and the Nearest Lattice Point Problem},
  author={Babai, L{\'a}szl{\'o}},
  booktitle={Combinatorica},
  volume={6},
  number={1},
  pages={1--13},
  year={1986}
}

% ============================================================================
% Geometric Deep Learning and Riemannian Optimization
% ============================================================================

@article{martens2020new,
  title={New Insights and Perspectives on the Natural Gradient Method},
  author={Martens, James and Grosse, Roger},
  journal={Journal of Machine Learning Research},
  volume={21},
  number={146},
  pages={1--76},
  year={2020}
}

@inproceedings{amari1998natural,
  title={Natural Gradient Works Efficiently in Learning},
  author={Amari, Shun-Ichi},
  booktitle={Neural Computation},
  volume={10},
  number={2},
  pages={251--276},
  year={1998}
}

@article{sagun2017empirical,
  title={Empirical Analysis of the Hessian of Over-Parametrized Neural Networks},
  author={Sagun, Levent and Evci, Utku and Guney, V Ugur and Dauphin, Yann and Bottou, Leon},
  journal={arXiv preprint arXiv:1706.04454},
  year={2017}
}

@inproceedings{ghorbani2019investigation,
  title={An Investigation into Neural Net Optimization via Hessian Eigenvalue Density},
  author={Ghorbani, Behrooz and Krishnan, Shankar and Xiao, Ying},
  booktitle={International Conference on Machine Learning (ICML)},
  pages={2232--2241},
  year={2019}
}

% ============================================================================
% Interpretability and Explainability
% ============================================================================

@article{lundberg2017unified,
  title={A Unified Approach to Interpreting Model Predictions},
  author={Lundberg, Scott M and Lee, Su-In},
  journal={Advances in Neural Information Processing Systems},
  volume={30},
  year={2017}
}

@article{bach2015pixel,
  title={On Pixel-wise Explanations for Non-Linear Classifier Decisions by Layer-wise Relevance Propagation},
  author={Bach, Sebastian and Binder, Alexander and Montavon, Gr{\'e}goire and Klauschen, Frederick and M{\"u}ller, Klaus-Robert and Samek, Wojciech},
  journal={PloS one},
  volume={10},
  number={7},
  pages={e0130140},
  year={2015}
}

% ============================================================================
% Benchmarks and Datasets
% ============================================================================

@inproceedings{wang2018glue,
  title={{GLUE}: A Multi-Task Benchmark and Analysis Platform for Natural Language Understanding},
  author={Wang, Alex and Singh, Amanpreet and Michael, Julian and Hill, Felix and Levy, Omer and Bowman, Samuel R},
  booktitle={International Conference on Learning Representations (ICLR)},
  year={2019}
}

@article{merity2016pointer,
  title={Pointer Sentinel Mixture Models},
  author={Merity, Stephen and Xiong, Caiming and Bradbury, James and Socher, Richard},
  journal={arXiv preprint arXiv:1609.07843},
  year={2016},
  note={WikiText dataset}
}

@article{krizhevsky2009learning,
  title={Learning Multiple Layers of Features from Tiny Images},
  author={Krizhevsky, Alex and Hinton, Geoffrey and others},
  journal={Technical Report},
  year={2009},
  note={CIFAR-10 dataset}
}

% ============================================================================
% Large Language Models
% ============================================================================

@article{touvron2023llama,
  title={{LLaMA}: Open and Efficient Foundation Language Models},
  author={Touvron, Hugo and Lavril, Thibaut and Izacard, Gautier and Martinet, Xavier and Lachaux, Marie-Anne and Lacroix, Timoth{\'e}e and Rozi{\`e}re, Baptiste and Goyal, Naman and Hambro, Eric and Azhar, Faisal and others},
  journal={arXiv preprint arXiv:2302.13971},
  year={2023}
}

@article{devlin2018bert,
  title={{BERT}: Pre-training of Deep Bidirectional Transformers for Language Understanding},
  author={Devlin, Jacob and Chang, Ming-Wei and Lee, Kenton and Toutanova, Kristina},
  journal={arXiv preprint arXiv:1810.04805},
  year={2018}
}

% ============================================================================
% Robustness and Adversarial Examples
% ============================================================================

@inproceedings{goodfellow2014explaining,
  title={Explaining and Harnessing Adversarial Examples},
  author={Goodfellow, Ian J and Shlens, Jonathon and Szegedy, Christian},
  booktitle={International Conference on Learning Representations (ICLR)},
  year={2015}
}

@inproceedings{madry2017towards,
  title={Towards Deep Learning Models Resistant to Adversarial Attacks},
  author={Madry, Aleksander and Makelov, Aleksandar and Schmidt, Ludwig and Tsipras, Dimitris and Vladu, Adrian},
  booktitle={International Conference on Learning Representations (ICLR)},
  year={2018}
}

% ============================================================================
% Statistical Methods
% ============================================================================

@article{rousseeuw1987silhouettes,
  title={Silhouettes: A Graphical Aid to the Interpretation and Validation of Cluster Analysis},
  author={Rousseeuw, Peter J},
  journal={Journal of Computational and Applied Mathematics},
  volume={20},
  pages={53--65},
  year={1987}
}

@article{maaten2008visualizing,
  title={Visualizing Data using t-{SNE}},
  author={Maaten, Laurens van der and Hinton, Geoffrey},
  journal={Journal of Machine Learning Research},
  volume={9},
  number={Nov},
  pages={2579--2605},
  year={2008}
}

@article{hutchinson1989stochastic,
  title={A Stochastic Estimator of the Trace of the Influence Matrix for Laplacian Smoothing Splines},
  author={Hutchinson, Michael F},
  journal={Communications in Statistics-Simulation and Computation},
  volume={18},
  number={3},
  pages={1059--1076},
  year={1989}
}

